<?xml version="1.0" encoding="UTF-8"?><collection xmlns="http://www.loc.gov/MARC21/slim"><record><leader>00396nam--2200157-i-4500</leader><controlfield tag="001">000031333</controlfield><controlfield tag="002">20161230</controlfield><controlfield tag="005">20161230201038</controlfield><controlfield tag="008">060222s1000------------r-----000-0-eng-d</controlfield><datafield ind1="1" ind2=" " tag="100"><subfield code="a">Petrich, Mario</subfield></datafield><datafield ind1=" " ind2=" " tag="245"><subfield code="a">Lectures in semigroups</subfield></datafield><datafield ind1=" " ind2=" " tag="300"><subfield code="a">168 p</subfield></datafield><datafield ind1=" " ind2=" " tag="490"><subfield code="a">Mathematische Lehrbucher Und Monographien. Band 29:</subfield></datafield><datafield ind1=" " ind2=" " tag="700"><subfield code="a">Petrich, M</subfield></datafield><datafield ind1=" " ind2=" " tag="852"><subfield code="a">47217</subfield></datafield><datafield ind1=" " ind2=" " tag="CAT"><subfield code="a">Sys</subfield><subfield code="c">20080514</subfield><subfield code="h">131659</subfield></datafield></record></collection>